<record><leader>00000cas a22000007a 4500</leader><controlfield tag="001">26919632</controlfield><controlfield tag="008">921105c19879999nyuwr ne      0    0eng d</controlfield><datafield ind1=" " ind2=" " tag="010"><subfield code="a">sn 92061821 </subfield></datafield><datafield ind1=" " ind2=" " tag="040"><subfield code="a">NYS</subfield><subfield code="b">eng</subfield><subfield code="c">NYS</subfield><subfield code="d">OCLCQ</subfield></datafield><datafield ind1=" " ind2=" " tag="042"><subfield code="a">msc</subfield></datafield><datafield ind1="0" ind2=" " tag="130"><subfield code="a">Villager (Syracuse, N.Y.)</subfield></datafield><datafield ind1="1" ind2="0" tag="245"><subfield code="a">Villager.</subfield></datafield><datafield ind1="3" ind2="0" tag="246"><subfield code="a">Independent villager</subfield></datafield><datafield ind1="3" ind2="0" tag="246"><subfield code="a">Villager, independent newspapers</subfield></datafield><datafield ind1=" " ind2=" " tag="260"><subfield code="a">Marathon, N.Y. :</subfield><subfield code="b">Scotsman Press</subfield></datafield><datafield ind1=" " ind2=" " tag="300"><subfield code="a">v.</subfield></datafield><datafield ind1=" " ind2=" " tag="310"><subfield code="a">Weekly</subfield></datafield><datafield ind1="0" ind2=" " tag="362"><subfield code="a">Aug. 31, 1987-</subfield></datafield><datafield ind1=" " ind2=" " tag="500"><subfield code="a">Published as: Independent villager, Oct. 12 and Oct. 26, 1987.</subfield></datafield><datafield ind1=" " ind2=" " tag="500"><subfield code="a">Published in Syracuse, N.Y., &lt;Jan. 4, 1988&gt;-</subfield></datafield><datafield ind1=" " ind2=" " tag="500"><subfield code="a">Also published simultaneously in Binghamton, N.Y., &lt;May 7, 1990-Feb. 4, 1991&gt;.</subfield></datafield><datafield ind1=" " ind2="4" tag="651"><subfield code="a">Marathon (N.Y.)</subfield><subfield code="v">Newspapers.</subfield></datafield><datafield ind1=" " ind2="4" tag="651"><subfield code="a">Syracuse (N.Y.)</subfield><subfield code="v">Newspapers.</subfield></datafield><datafield ind1=" " ind2="4" tag="651"><subfield code="a">Binghamton (N.Y.)</subfield><subfield code="v">Newspapers.</subfield></datafield><datafield ind1=" " ind2=" " tag="752"><subfield code="a">United States</subfield><subfield code="b">New York</subfield><subfield code="c">Cortland</subfield><subfield code="d">Marathon.</subfield></datafield><datafield ind1=" " ind2=" " tag="752"><subfield code="a">United States</subfield><subfield code="b">New York</subfield><subfield code="c">Onondaga</subfield><subfield code="d">Syracuse.</subfield></datafield><datafield ind1=" " ind2=" " tag="752"><subfield code="a">United States</subfield><subfield code="b">New York</subfield><subfield code="c">Broome</subfield><subfield code="d">Binghamton.</subfield></datafield><datafield ind1="0" ind2="0" tag="780"><subfield code="t">Independent villager</subfield><subfield code="w">(DLC)sn 91066247</subfield></datafield><datafield ind1="1" ind2=" " tag="029"><subfield code="a">AU@</subfield><subfield code="b">000020731399</subfield></datafield></record>